{
  "0x000000000000000000000000000000000067de98": {
    "buys": [
      {
        "id": 42,
        "trader": "0x2015F2Fcd836fA590EA66291453A287A5e23c8DC",
        "asset": "0x000000000000000000000000000000000067de98",
        "side": "BUY",
        "isMarket": true,
        "qtyE6": 10000000,
        "pxE6": 4182800,
        "ts": 1757757545,
        "qty": 10,
        "px": 4.1828
      },
      {
        "id": 35,
        "trader": "0x1c23de72CE08bce7899B6B3ce8f0D4FEB9A5676B",
        "asset": "0x000000000000000000000000000000000067de98",
        "side": "BUY",
        "isMarket": false,
        "qtyE6": 1000000000,
        "pxE6": 4182510,
        "ts": 1757757104,
        "qty": 1000,
        "px": 4.18251
      },
      {
        "id": 41,
        "trader": "0x2015F2Fcd836fA590EA66291453A287A5e23c8DC",
        "asset": "0x000000000000000000000000000000000067de98",
        "side": "BUY",
        "isMarket": true,
        "qtyE6": 10000000,
        "pxE6": 4182500,
        "ts": 1757757452,
        "qty": 10,
        "px": 4.1825
      },
      {
        "id": 43,
        "trader": "0x2015F2Fcd836fA590EA66291453A287A5e23c8DC",
        "asset": "0x000000000000000000000000000000000067de98",
        "side": "BUY",
        "isMarket": true,
        "qtyE6": 1000000000,
        "pxE6": 4182500,
        "ts": 1757757706,
        "qty": 1000,
        "px": 4.1825
      },
      {
        "id": 4,
        "trader": "0x1c23de72CE08bce7899B6B3ce8f0D4FEB9A5676B",
        "asset": "0x000000000000000000000000000000000067de98",
        "side": "BUY",
        "isMarket": false,
        "qtyE6": 500000000,
        "pxE6": 4170000,
        "ts": 1757753088,
        "qty": 500,
        "px": 4.17
      },
      {
        "id": 19,
        "trader": "0x1c23de72CE08bce7899B6B3ce8f0D4FEB9A5676B",
        "asset": "0x000000000000000000000000000000000067de98",
        "side": "BUY",
        "isMarket": false,
        "qtyE6": 500000000,
        "pxE6": 4170000,
        "ts": 1757755311,
        "qty": 500,
        "px": 4.17
      }
    ],
    "sells": [
      {
        "id": 13,
        "trader": "0x2015F2Fcd836fA590EA66291453A287A5e23c8DC",
        "asset": "0x000000000000000000000000000000000067de98",
        "side": "SELL",
        "isMarket": false,
        "qtyE6": 1000000000,
        "pxE6": 4182510,
        "ts": 1757753920,
        "qty": 1000,
        "px": 4.18251
      },
      {
        "id": 0,
        "trader": "0x2015F2Fcd836fA590EA66291453A287A5e23c8DC",
        "asset": "0x000000000000000000000000000000000067de98",
        "side": "SELL",
        "isMarket": false,
        "qtyE6": 11904761,
        "pxE6": 4200000,
        "ts": 1757608130,
        "qty": 11.904761,
        "px": 4.2
      }
    ],
    "summary": {
      "buyLevels": 6,
      "sellLevels": 2,
      "topBid": 4.1828,
      "topAsk": 4.18251
    },
    "name": "AIICO"
  },
  "0x000000000000000000000000000000000067de91": {
    "buys": [
      {
        "id": 29,
        "trader": "0x1c23de72CE08bce7899B6B3ce8f0D4FEB9A5676B",
        "asset": "0x000000000000000000000000000000000067de91",
        "side": "BUY",
        "isMarket": false,
        "qtyE6": 11459873,
        "pxE6": 436305000,
        "ts": 1757757050,
        "qty": 11.459873,
        "px": 436.305
      },
      {
        "id": 5,
        "trader": "0x624943085284E08D5BDee8685d439337146E1612",
        "asset": "0x000000000000000000000000000000000067de91",
        "side": "BUY",
        "isMarket": false,
        "qtyE6": 100000000,
        "pxE6": 435000000,
        "ts": 1757753104,
        "qty": 100,
        "px": 435
      },
      {
        "id": 20,
        "trader": "0x624943085284E08D5BDee8685d439337146E1612",
        "asset": "0x000000000000000000000000000000000067de91",
        "side": "BUY",
        "isMarket": false,
        "qtyE6": 100000000,
        "pxE6": 435000000,
        "ts": 1757755321,
        "qty": 100,
        "px": 435
      },
      {
        "id": 1,
        "trader": "0x2015F2Fcd836fA590EA66291453A287A5e23c8DC",
        "asset": "0x000000000000000000000000000000000067de91",
        "side": "BUY",
        "isMarket": false,
        "qtyE6": 1,
        "pxE6": 433695000,
        "ts": 1757612107,
        "qty": 0.000001,
        "px": 433.695
      }
    ],
    "sells": [
      {
        "id": 7,
        "trader": "0x2015F2Fcd836fA590EA66291453A287A5e23c8DC",
        "asset": "0x000000000000000000000000000000000067de91",
        "side": "SELL",
        "isMarket": false,
        "qtyE6": 11459873,
        "pxE6": 436305000,
        "ts": 1757753811,
        "qty": 11.459873,
        "px": 436.305
      }
    ],
    "summary": {
      "buyLevels": 4,
      "sellLevels": 1,
      "topBid": 436.305,
      "topAsk": 436.305
    },
    "name": "MTNN"
  },
  "0x000000000000000000000000000000000067de93": {
    "buys": [
      {
        "id": 30,
        "trader": "0x624943085284E08D5BDee8685d439337146E1612",
        "asset": "0x000000000000000000000000000000000067dE93",
        "side": "BUY",
        "isMarket": false,
        "qtyE6": 102362317,
        "pxE6": 48846100,
        "ts": 1757757059,
        "qty": 102.362317,
        "px": 48.8461
      },
      {
        "id": 2,
        "trader": "0x2015F2Fcd836fA590EA66291453A287A5e23c8DC",
        "asset": "0x000000000000000000000000000000000067dE93",
        "side": "BUY",
        "isMarket": false,
        "qtyE6": 31,
        "pxE6": 46809150,
        "ts": 1757612114,
        "qty": 0.000031,
        "px": 46.80915
      }
    ],
    "sells": [
      {
        "id": 8,
        "trader": "0x2015F2Fcd836fA590EA66291453A287A5e23c8DC",
        "asset": "0x000000000000000000000000000000000067dE93",
        "side": "SELL",
        "isMarket": false,
        "qtyE6": 102362317,
        "pxE6": 48846100,
        "ts": 1757753829,
        "qty": 102.362317,
        "px": 48.8461
      }
    ],
    "summary": {
      "buyLevels": 2,
      "sellLevels": 1,
      "topBid": 48.8461,
      "topAsk": 48.8461
    },
    "name": "UBA"
  },
  "0x000000000000000000000000000000000067de94": {
    "buys": [
      {
        "id": 31,
        "trader": "0x4016687beDA290364B12166FbDBB7fdaf2266b91",
        "asset": "0x000000000000000000000000000000000067DE94",
        "side": "BUY",
        "isMarket": false,
        "qtyE6": 53805125,
        "pxE6": 92927950,
        "ts": 1757757066,
        "qty": 53.805125,
        "px": 92.92795
      },
      {
        "id": 3,
        "trader": "0x2015F2Fcd836fA590EA66291453A287A5e23c8DC",
        "asset": "0x000000000000000000000000000000000067DE94",
        "side": "BUY",
        "isMarket": false,
        "qtyE6": 11,
        "pxE6": 92222500,
        "ts": 1757612124,
        "qty": 0.000011,
        "px": 92.2225
      }
    ],
    "sells": [
      {
        "id": 9,
        "trader": "0x2015F2Fcd836fA590EA66291453A287A5e23c8DC",
        "asset": "0x000000000000000000000000000000000067DE94",
        "side": "SELL",
        "isMarket": false,
        "qtyE6": 53805125,
        "pxE6": 92927950,
        "ts": 1757753846,
        "qty": 53.805125,
        "px": 92.92795
      }
    ],
    "summary": {
      "buyLevels": 2,
      "sellLevels": 1,
      "topBid": 92.92795,
      "topAsk": 92.92795
    },
    "name": "GTCO"
  },
  "0x000000000000000000000000000000000067de97": {
    "buys": [
      {
        "id": 34,
        "trader": "0x4016687beDA290364B12166FbDBB7fdaf2266b91",
        "asset": "0x000000000000000000000000000000000067de97",
        "side": "BUY",
        "isMarket": false,
        "qtyE6": 7789132,
        "pxE6": 641920000,
        "ts": 1757757094,
        "qty": 7.789132,
        "px": 641.92
      },
      {
        "id": 6,
        "trader": "0x4016687beDA290364B12166FbDBB7fdaf2266b91",
        "asset": "0x000000000000000000000000000000000067de97",
        "side": "BUY",
        "isMarket": false,
        "qtyE6": 75000000,
        "pxE6": 640000000,
        "ts": 1757753126,
        "qty": 75,
        "px": 640
      },
      {
        "id": 21,
        "trader": "0x4016687beDA290364B12166FbDBB7fdaf2266b91",
        "asset": "0x000000000000000000000000000000000067de97",
        "side": "BUY",
        "isMarket": false,
        "qtyE6": 75000000,
        "pxE6": 640000000,
        "ts": 1757755328,
        "qty": 75,
        "px": 640
      }
    ],
    "sells": [
      {
        "id": 12,
        "trader": "0x2015F2Fcd836fA590EA66291453A287A5e23c8DC",
        "asset": "0x000000000000000000000000000000000067de97",
        "side": "SELL",
        "isMarket": false,
        "qtyE6": 7789132,
        "pxE6": 641920000,
        "ts": 1757753903,
        "qty": 7.789132,
        "px": 641.92
      }
    ],
    "summary": {
      "buyLevels": 3,
      "sellLevels": 1,
      "topBid": 641.92,
      "topAsk": 641.92
    },
    "name": "TOTALNG"
  },
  "0x000000000000000000000000000000000067de95": {
    "buys": [
      {
        "id": 32,
        "trader": "0x1c23de72CE08bce7899B6B3ce8f0D4FEB9A5676B",
        "asset": "0x000000000000000000000000000000000067dE95",
        "side": "BUY",
        "isMarket": false,
        "qtyE6": 73309483,
        "pxE6": 68204000,
        "ts": 1757757076,
        "qty": 73.309483,
        "px": 68.204
      },
      {
        "id": 22,
        "trader": "0x1c23de72CE08bce7899B6B3ce8f0D4FEB9A5676B",
        "asset": "0x000000000000000000000000000000000067dE95",
        "side": "BUY",
        "isMarket": false,
        "qtyE6": 500000000,
        "pxE6": 68000000,
        "ts": 1757755341,
        "qty": 500,
        "px": 68
      }
    ],
    "sells": [
      {
        "id": 10,
        "trader": "0x2015F2Fcd836fA590EA66291453A287A5e23c8DC",
        "asset": "0x000000000000000000000000000000000067dE95",
        "side": "SELL",
        "isMarket": false,
        "qtyE6": 73309483,
        "pxE6": 68204000,
        "ts": 1757753866,
        "qty": 73.309483,
        "px": 68.204
      }
    ],
    "summary": {
      "buyLevels": 2,
      "sellLevels": 1,
      "topBid": 68.204,
      "topAsk": 68.204
    },
    "name": "ZENITHBANK"
  },
  "0x000000000000000000000000000000000067de96": {
    "buys": [
      {
        "id": 33,
        "trader": "0x624943085284E08D5BDee8685d439337146E1612",
        "asset": "0x000000000000000000000000000000000067de96",
        "side": "BUY",
        "isMarket": false,
        "qtyE6": 9402197,
        "pxE6": 531790600,
        "ts": 1757757084,
        "qty": 9.402197,
        "px": 531.7906
      },
      {
        "id": 23,
        "trader": "0x624943085284E08D5BDee8685d439337146E1612",
        "asset": "0x000000000000000000000000000000000067de96",
        "side": "BUY",
        "isMarket": false,
        "qtyE6": 100000000,
        "pxE6": 530200000,
        "ts": 1757755358,
        "qty": 100,
        "px": 530.2
      }
    ],
    "sells": [
      {
        "id": 11,
        "trader": "0x2015F2Fcd836fA590EA66291453A287A5e23c8DC",
        "asset": "0x000000000000000000000000000000000067de96",
        "side": "SELL",
        "isMarket": false,
        "qtyE6": 9402197,
        "pxE6": 531790600,
        "ts": 1757753883,
        "qty": 9.402197,
        "px": 531.7906
      }
    ],
    "summary": {
      "buyLevels": 2,
      "sellLevels": 1,
      "topBid": 531.7906,
      "topAsk": 531.7906
    },
    "name": "ARADEL"
  },
  "0x000000000000000000000000000000000067de99": {
    "buys": [
      {
        "id": 36,
        "trader": "0x624943085284E08D5BDee8685d439337146E1612",
        "asset": "0x000000000000000000000000000000000067de99",
        "side": "BUY",
        "isMarket": false,
        "qtyE6": 680087976,
        "pxE6": 7351990,
        "ts": 1757757114,
        "qty": 680.087976,
        "px": 7.35199
      },
      {
        "id": 24,
        "trader": "0x4016687beDA290364B12166FbDBB7fdaf2266b91",
        "asset": "0x000000000000000000000000000000000067de99",
        "side": "BUY",
        "isMarket": false,
        "qtyE6": 75000000,
        "pxE6": 7330000,
        "ts": 1757755369,
        "qty": 75,
        "px": 7.33
      }
    ],
    "sells": [
      {
        "id": 14,
        "trader": "0x2015F2Fcd836fA590EA66291453A287A5e23c8DC",
        "asset": "0x000000000000000000000000000000000067de99",
        "side": "SELL",
        "isMarket": false,
        "qtyE6": 680087976,
        "pxE6": 7351990,
        "ts": 1757753937,
        "qty": 680.087976,
        "px": 7.35199
      }
    ],
    "summary": {
      "buyLevels": 2,
      "sellLevels": 1,
      "topBid": 7.35199,
      "topAsk": 7.35199
    },
    "name": "CORNERST"
  },
  "0x000000000000000000000000000000000067de9a": {
    "buys": [
      {
        "id": 37,
        "trader": "0x4016687beDA290364B12166FbDBB7fdaf2266b91",
        "asset": "0x000000000000000000000000000000000067dE9a",
        "side": "BUY",
        "isMarket": false,
        "qtyE6": 4887298,
        "pxE6": 1023060000,
        "ts": 1757757124,
        "qty": 4.887298,
        "px": 1023.06
      },
      {
        "id": 25,
        "trader": "0x1c23de72CE08bce7899B6B3ce8f0D4FEB9A5676B",
        "asset": "0x000000000000000000000000000000000067dE9a",
        "side": "BUY",
        "isMarket": false,
        "qtyE6": 500000000,
        "pxE6": 1020000000,
        "ts": 1757755388,
        "qty": 500,
        "px": 1020
      }
    ],
    "sells": [
      {
        "id": 15,
        "trader": "0x2015F2Fcd836fA590EA66291453A287A5e23c8DC",
        "asset": "0x000000000000000000000000000000000067dE9a",
        "side": "SELL",
        "isMarket": false,
        "qtyE6": 4887298,
        "pxE6": 1023060000,
        "ts": 1757753957,
        "qty": 4.887298,
        "px": 1023.06
      }
    ],
    "summary": {
      "buyLevels": 2,
      "sellLevels": 1,
      "topBid": 1023.06,
      "topAsk": 1023.06
    },
    "name": "OKOMUOIL"
  },
  "0x000000000000000000000000000000000067de9b": {
    "buys": [
      {
        "id": 38,
        "trader": "0x1c23de72CE08bce7899B6B3ce8f0D4FEB9A5676B",
        "asset": "0x000000000000000000000000000000000067De9B",
        "side": "BUY",
        "isMarket": false,
        "qtyE6": 3368273,
        "pxE6": 1484440000,
        "ts": 1757757134,
        "qty": 3.368273,
        "px": 1484.44
      },
      {
        "id": 26,
        "trader": "0x624943085284E08D5BDee8685d439337146E1612",
        "asset": "0x000000000000000000000000000000000067De9B",
        "side": "BUY",
        "isMarket": false,
        "qtyE6": 100000000,
        "pxE6": 1480000000,
        "ts": 1757755406,
        "qty": 100,
        "px": 1480
      }
    ],
    "sells": [
      {
        "id": 16,
        "trader": "0x2015F2Fcd836fA590EA66291453A287A5e23c8DC",
        "asset": "0x000000000000000000000000000000000067De9B",
        "side": "SELL",
        "isMarket": false,
        "qtyE6": 3368273,
        "pxE6": 1484440000,
        "ts": 1757753976,
        "qty": 3.368273,
        "px": 1484.44
      }
    ],
    "summary": {
      "buyLevels": 2,
      "sellLevels": 1,
      "topBid": 1484.44,
      "topAsk": 1484.44
    },
    "name": "PRESCO"
  },
  "0x000000000000000000000000000000000067de9c": {
    "buys": [
      {
        "id": 39,
        "trader": "0x624943085284E08D5BDee8685d439337146E1612",
        "asset": "0x000000000000000000000000000000000067De9c",
        "side": "BUY",
        "isMarket": false,
        "qtyE6": 2665799,
        "pxE6": 1875610000,
        "ts": 1757757144,
        "qty": 2.665799,
        "px": 1875.61
      },
      {
        "id": 27,
        "trader": "0x4016687beDA290364B12166FbDBB7fdaf2266b91",
        "asset": "0x000000000000000000000000000000000067De9c",
        "side": "BUY",
        "isMarket": false,
        "qtyE6": 75000000,
        "pxE6": 1870000000,
        "ts": 1757755426,
        "qty": 75,
        "px": 1870
      }
    ],
    "sells": [
      {
        "id": 17,
        "trader": "0x2015F2Fcd836fA590EA66291453A287A5e23c8DC",
        "asset": "0x000000000000000000000000000000000067De9c",
        "side": "SELL",
        "isMarket": false,
        "qtyE6": 2665799,
        "pxE6": 1875610000,
        "ts": 1757753994,
        "qty": 2.665799,
        "px": 1875.61
      }
    ],
    "summary": {
      "buyLevels": 2,
      "sellLevels": 1,
      "topBid": 1875.61,
      "topAsk": 1875.61
    },
    "name": "NESTLE"
  },
  "0x000000000000000000000000000000000067de9d": {
    "buys": [
      {
        "id": 40,
        "trader": "0x4016687beDA290364B12166FbDBB7fdaf2266b91",
        "asset": "0x000000000000000000000000000000000067DE9d",
        "side": "BUY",
        "isMarket": false,
        "qtyE6": 83084081,
        "pxE6": 60180000,
        "ts": 1757757154,
        "qty": 83.084081,
        "px": 60.18
      },
      {
        "id": 28,
        "trader": "0x4016687beDA290364B12166FbDBB7fdaf2266b91",
        "asset": "0x000000000000000000000000000000000067DE9d",
        "side": "BUY",
        "isMarket": false,
        "qtyE6": 75000000,
        "pxE6": 60000000,
        "ts": 1757755433,
        "qty": 75,
        "px": 60
      }
    ],
    "sells": [
      {
        "id": 18,
        "trader": "0x2015F2Fcd836fA590EA66291453A287A5e23c8DC",
        "asset": "0x000000000000000000000000000000000067DE9d",
        "side": "SELL",
        "isMarket": false,
        "qtyE6": 83084081,
        "pxE6": 60180000,
        "ts": 1757754014,
        "qty": 83.084081,
        "px": 60.18
      }
    ],
    "summary": {
      "buyLevels": 2,
      "sellLevels": 1,
      "topBid": 60.18,
      "topAsk": 60.18
    },
    "name": "DANGSUGAR"
  }
}